<?xml version="1.0" encoding="UTF-8"?><collection xmlns="http://www.loc.gov/MARC21/slim"><record><leader>00477nam--2200169-i-4500</leader><controlfield tag="001">000045047</controlfield><controlfield tag="002">20161230</controlfield><controlfield tag="005">20161230201044</controlfield><controlfield tag="008">060222s1000------------r-----000-0-eng-d</controlfield><datafield ind1=" " ind2=" " tag="040"><subfield code="a">IFIN-HH</subfield></datafield><datafield ind1=" " ind2=" " tag="080"><subfield code="a">537.14</subfield></datafield><datafield ind1="1" ind2=" " tag="100"><subfield code="a">Tomaselli, M</subfield></datafield><datafield ind1="1" ind2="0" tag="245"><subfield code="a">Collective fermions in the microscopic structure of open-shell nuclei</subfield><subfield code="c">M. tomaselli</subfield></datafield><datafield ind1=" " ind2=" " tag="260"><subfield code="a">Darmstadt</subfield><subfield code="b">Institut Fur Kernphysik</subfield><subfield code="c">1993</subfield></datafield><datafield ind1=" " ind2=" " tag="300"><subfield code="a">56P.+4 FIG</subfield></datafield><datafield ind1=" " ind2=" " tag="852"><subfield code="a">80066</subfield><subfield code="c">539.14</subfield></datafield><datafield ind1=" " ind2=" " tag="CAT"><subfield code="a">Sys</subfield><subfield code="c">20120406</subfield><subfield code="h">144026</subfield></datafield></record></collection>